<<<<<<< HEAD
﻿@misc{referenciarobles1,
		author = {Josep Curto Díaz},
		title = {Introducción al Business Intelligence},
		year = {2010},
		howpublished = {Recuperado de  {https://n9.cl/nb6we}},
		note = {Accedido 18-08-2019}
	}


@misc{referenciarobles2,
		author = {José Miguel Rodríguez Parrilla},
		title = {Cómo Hacer Inteligente su Negocio: Business Intelligence a su alcance},
		year = {2014},
		howpublished = {Recuperado de  {https://n9.cl/m6u65}},
		note = {Accedido 18-08-2019}
	}

@misc{referenciaSandoval1,
		author = {Beth Pariseau},
		title = {Contradicciones en DevOps de base de datos enmaraña la automatización de TI},
		year = {2017},
		howpublished = {Recuperado de  { https://bit.ly/2jVHzk9}},
		note = {Accedido 30-08-2019}
	}


@misc{referenciaSandoval2,
		author = {CA Technologies},
		title = {Devops: Salir victoriosos en la economía de las aplicaciones},
		year = {2014},
		howpublished = {Recuperado de  { https://bit.ly/2lP06Px}},
		note = {Accedido 30-08-2019}
	}

@misc{referenciaporlles1,
		author = {IntelDig},
		title = {¿Por qué se usa DevOps?,¿Cuándo no adoptar DevOps?,Principios de DevOps},
		year = {ne},
		howpublished = {Recuperado de  { http://cort.as/-P7Ne}},
		note = {Accedido 31-08-2019}
	}

@misc{referenciaporlles2,
		author = {José Ruiz Cristina},
		title = {El legendario origen del movimiento DevOps},
		year = {ne},
		howpublished = {Recuperado de  { http://cort.as/-P7lp}},
		note = {Accedido 31-08-2019}
	}

@misc{referenciaQuispe1,
		author = {Beth Pariseau},
		title = { Guía Esencial: Las bases de datos dan soporte a las tendencias de TI 2017},

		year = {ne},
		howpublished = {Recuperado de  { http://cort.as/-P7o9 }},

		note = {Accedido 28-08-2019}
	}
	
	
@misc{referenciaQuispe2,
		author = {José Ruiz Cristina},
		title = { Qué es DevOps 2015 },

		year = {ne},
		howpublished = {Recuperado de  { http://cort.as/-P7oQ }},

		note = {Accedido 28-08-2019}
=======
﻿@misc{referenciarobles1,
		author = {Josep Curto Díaz},
		title = {Introducción al Business Intelligence},
		year = {2010},
		howpublished = {Recuperado de  {https://n9.cl/nb6we}},
		note = {Accedido 18-08-2019}
	}


@misc{referenciarobles2,
		author = {José Miguel Rodríguez Parrilla},
		title = {Cómo Hacer Inteligente su Negocio: Business Intelligence a su alcance},
		year = {2014},
		howpublished = {Recuperado de  {https://n9.cl/m6u65}},
		note = {Accedido 18-08-2019}
	}

@misc{referenciaSandoval1,
		author = {Beth Pariseau},
		title = {Contradicciones en DevOps de base de datos enmaraña la automatización de TI},
		year = {2017},
		howpublished = {Recuperado de  { https://bit.ly/2jVHzk9}},
		note = {Accedido 30-08-2019}
	}


@misc{referenciaSandoval2,
		author = {CA Technologies},
		title = {Devops: Salir victoriosos en la economía de las aplicaciones},
		year = {2014},
		howpublished = {Recuperado de  { https://bit.ly/2lP06Px}},
		note = {Accedido 30-08-2019}
	}

@misc{referenciaporlles1,
		author = {IntelDig},
		title = {¿Por qué se usa DevOps?,¿Cuándo no adoptar DevOps?,Principios de DevOps},
		year = {ne},
		howpublished = {Recuperado de  { http://cort.as/-P7Ne}},
		note = {Accedido 31-08-2019}
	}

@misc{referenciaporlles2,
		author = {José Ruiz Cristina},
		title = {El legendario origen del movimiento DevOps},
		year = {ne},
		howpublished = {Recuperado de  { http://cort.as/-P7lp}},
		note = {Accedido 31-08-2019}
	}

@misc{referenciaQuispe1,
		author = {Beth Pariseau},
		title = { Guía Esencial: Las bases de datos dan soporte a las tendencias de TI 2017},

		year = {ne},
		howpublished = {Recuperado de  { http://cort.as/-P7o9 }},

		note = {Accedido 28-08-2019}
	}
	
	
@misc{referenciaQuispe2,
		author = {José Ruiz Cristina},
		title = { Qué es DevOps 2015 },

		year = {ne},
		howpublished = {Recuperado de  { http://cort.as/-P7oQ }},

		note = {Accedido 28-08-2019}
>>>>>>> 245e4fa5bd6bacc2861b58fecfc082917b5bc158
	}